@InProceedings{eamt11:comparative,
  author =       {Antonio Toral and Federico Gaspari and Sudip Kumar Naskar and Andy Way},
  title =        {A Comparative Evaluation of Research vs. Online MT Systems},
  booktitle =    {Proceedings of the 15th Annual Conference of the European Associtation for Machine Translation},
  pages =        {13--20},
  year =         2011,
  editor =       {Mikel L. Forcada and Heidi Depraetere and Vincent Vandeghinste},
  address =      {Leuven, Belgium},
  organization = {European Association for Machine Translation}
}

@InProceedings{mtsummit11_delic4mt,
  author =       {Sudip Kumar Naskar and Antonio Toral and Federico Gaspari and Andy Way},
  title =        {A Framework for Diagnostic Evaluation of MT based on Linguistic Checkpoints},
  booktitle =    {Proceedings of the 13th Machine Translation Summit},
  pages =        {529--536},
  year =         2011,
  address =      {Xiamen, China},
  month =        {September}
}
